3125 4825
744 362 763 421 ι

677 448 831 458 -α--μ-

218 550 307 612 strati
324 552 468 627 nequeat,
487 548 541 610 aad
556 548 623 610 solo
643 548 753 611 iudicio
770 549 837 620 fere
851 549 927 610 tales
941 550 1077 612 uitantis
1090 551 1288 630 coniecturae,

218 652 403 731 quodquam
417 649 670 728 facilesaepeqne
688 650 824 729 inflatur,
845 651 944 713 dicere
964 667 1122 729 nonopns
1137 656 1191 716 est.

281 755 344 814 lam
358 753 534 813 accedamus
543 753 582 813 ad
591 753 717 812 alterum
725 770 830 830 genno,
846 770 907 830 qno
922 754 1140 831 comprehendo
1155 772 1207 815 aas
1223 772 1287 815 cor·

217 855 365 933 ιιιιιιιιιι,
379 854 515 931 qaae-ita
530 860 616 916 ortae
629 871 698 915 essa
715 854 868 932 ridentur,
887 860 922 916 ιιι
940 861 1048 932 poetae
1062 857 1155 917 rerba
1169 875 1192 916 a
1202 857 1287 916 seho-

217 956 313 1020 liastis
326 956 428 1019 vorbis
443 956 631 1034 synonymis,
649 956 747 1033 iisque
760 956 938 1035 plerumque
956 958 1163 1019 esttatioribas
1184 958 1287 1019 diluci-

218 1057 390 1126 dictitasse
397 1058 627 1136 illustnrcntnr,
643 1058 958 1135 quaesclrolisstarum
974 1059 1067 1122 verba
1075 1064 1182 1136 postea
1195 1061 1287 1120 variis

219 1160 337 1234 essitas
344 1162 545 1238 ςιιιιιιιιοιιιιιι
551 1160 618 1222 loco
628 1161 659 1222 ιιι
668 1164 782 1222 tantam
791 1160 963 1240 illatasunt,
972 1163 1186 1239 genuina-vcro
1195 1162 1289 1222 rerba

218 1263 315 1322 autin
330 1262 451 1322 scholiis
466 1262 573 1340 latent,
594 1266 646 1322 ant
661 1266 742 1322 certe
757 1262 805 1320 sni
823 1261 933 1322 indicia
947 1263 1135 1341 vestigiaque
1149 1264 1198 1324 hio
1218 1263 1286 1322 reli⁴

220 1369 357 1440 querunt
387 1364 456 1443 „Ex
470 1364 527 1423 hoc
542 1363 634 1441 fonte,
649 1366 683 1423 ιιι
697 1362 862 1426 rectissime
876 1365 915 1423 Μ.
925 1363 1149 1440 Seyffertnsait
1163 1364 1213 1442 (cf.
1223 1366 1288 1425 eius

219 1464 313 1541 praef.
336 1465 375 1524 ad
392 1465 469 1524 Phil.
492 1484 524 1548 p.
545 1464 645 1543 vm),
670 1464 852 1526 castissimae
875 1469 1035 1526 manarunt
1057 1467 1287 1544 emendationes,

219 1566 459 1643 scholiorumque
477 1586 534 1644 ope
552 1568 674 1645 plurimi
692 1567 751 1627 lcci
770 1563 829 1628 iam
848 1568 945 1628 sanati
964 1572 1036 1629 sunt
1055 1572 1086 1629 et
1104 1569 1204 1628 sanari
1218 1586 1287 1646 pos·

219 1667 316 1729 sunt“
329 1669 528 1732 Vehementer
543 1673 640 1732 antem
655 1668 816 1729 colendum
832 1674 878 1731 est
893 1670 1007 1730 scholia
1015 1671 1187 1747 saepissime
1201 1670 1288 1730 etiam

218 1771 311 1831 multo
330 1771 424 1848 magis
444 1789 533 1848 qnam
551 1771 651 1848 ipsum
669 1774 784 1832 textum
797 1776 947 1849 vconrupta
962 1789 1032 1833 esse
1050 1776 1141 1848 atque
1155 1755 1287 1848 turbata

219 1890 312 1949 qnare
331 1872 384 1932 illa
401 1890 463 1932 non
481 1877 541 1937 tam
562 1872 683 1951 uberes,
702 1890 792 1950 quam
816 1873 1169 1951 sperari'desideranique
1184 1873 1287 1951 possit,

218 1972 320 2042 fontes
334 1975 496 2040 coctaent
986 2042 988 2047 .

236 2121 239 2134 .
282 2076 387 2142 Tertio
401 2077 468 2143 loeo
481 2089 562 2154 pono
575 2078 822 2155 interpolationes
830 2078 925 2140 ‘nnius
939 2079 990 2138 vel
1003 2078 1133 2154 plurim
1147 2094 1288 2138 veranum

218 2179 450 2255 aramma
469 2178 703 2260 histrionibusva
721 2178 882 2256 protectas.
911 2180 1009 2240 Etiam
1028 2180 1085 2239 hoo
1104 2179 1286 2256 corruptela·

218 2299 290 2346 ram
306 2298 404 2357 genus
427 2281 600 2358 aspasiae
624 2299 685 2345 non
708 2282 750 2344 ιιι
773 2281 895 2344 difficile
918 2287 965 2344 ost
978 2281 1026 2342 ad
1045 2281 1288 2360 &moscenti-nm,

219 2382 300 2459 quoa
314 2382 429 2449 scilicet
443 2385 622 2461 pleramque
635 2374 731 2447 sermo
750 2401 893 2447 varanem
904 2384 1160 2461 vinterpolatorum
1174 2384 1286 2460 asperi-

218 2489 279 2550 tate
288 2478 422 2560 'onaan
437 2485 561 2563 laborat,
576 2487 803 2562 sententiaeque
816 2486 975 2547 verborum
989 2500 1223 2563 synonymorum
1236 2504 1286 2545 eo·

217 2587 380 2651 mulatioae
394 2586 497 2649 odiose
511 2586 652 2649 dilatatae
670 2591 749 2649 sunt
781 2588 1034 2665 interpolationes
1049 2588 1204 2647 maximam
1217 2596 1286 2663 par

218 2692 277 2751 tam
291 2687 362 2755 inde
376 2688 522 2765 originem
535 2689 663 2750 traxisse
677 2689 827 2767 videntur,
842 2695 876 2752 ιιι
889 2690 1073 2766 grammatici
1088 2689 1286 2765 posteriorum

217 2790 403 2866 possamus
417 2794 594 2870 empnam,
610 2796 662 2854 ant
679 2792 828 2869 consulto,
848 2804 1027 2868 quamquam
1042 2791 1074 2850 ιιι
1088 2791 1197 2868 rarius,
1218 2810 1285 2852 sen·

218 2892 327 2957 tentias
345 2909 365 2950 a
382 2896 472 2968 poeta
491 2910 649 2975 expressas
670 2910 816 2954 exornare
835 2898 927 2969 atque
945 2892 1128 2970 amplificare
1145 2910 1177 2952 se
1197 2910 1287 2970 posse

219 2991 414 3072 confidentes,
429 2995 605 3072 attiguae,
621 2996 648 3077 si
662 2997 762 3057 neseio
778 3013 839 3070 quo
856 3010 927 3055 caso
942 2996 1165 3056 scholiastae'et
1179 2999 1286 3071 poetae

218 3094 312 3163 verta
324 3096 403 3161 ieter
417 3113 451 3155 se
465 3097 621 3159 commota
633 3100 738 3175 erant,
757 3097 845 3159 metri
863 3098 995 3173 ipsorum
1015 3096 1155 3172 opinione
1174 3096 1286 3156 turbati

218 3196 395 3267 sublevandi
414 3212 517 3279 eausa,
537 3215 575 3257 ex
588 3198 800 3274 glossematum
814 3198 916 3259 verbis
935 3208 1029 3259 novos
1043 3210 1150 3258 versus
1166 3210 1285 3258 consar-

218 3298 393 3377 citaverint
453 3348 468 3361 ..
578 3346 595 3361 ..
644 3318 647 3329 ·

280 3400 430 3475 Quamne
444 3399 573 3477 denique
593 3358 830 3478 comoptelarnm
845 3417 946 3563 genast
952 3400 1205 3476 transpositiones
1220 3418 1286 3461 esse

218 3505 334 3571 statuo
355 3503 420 3565 lias
434 3503 477 3563 ita
492 3502 637 3579 explicari
648 3516 740 3579 posse
755 3502 834 3567 arbit
835 3507 958 3580 ror,ot
912 3503 999 3563 osi
1014 3501 1134 3577 qnando
1149 3502 1285 3562 librario·

98 3678 101 3683 ¹
217 3621 284 3667 ιιιιιι
298 3604 377 3669 oanli
392 3604 576 3681 negligentia
593 3604 797 3682 aberrassent,
818 3603 899 3680 qnod
913 3622 1004 3681 saepe
1017 3602 1129 3665 factum
1144 3621 1285 3665 essenon

218 3704 341 3769 difficile
358 3711 404 3769 est
424 3705 552 3784 credita,
572 3711 603 3767 et
621 3707 664 3767 sic
683 3723 762 3766 unna
781 3706 924 3781 pluresve
939 3722 1045 3765 vorsus
1060 3705 1163 3765 omissi
1177 3711 1286 3784 essent

217 3807 249 3869 hi
262 3812 369 3891 postea
386 3807 498 3873 notulis
513 3807 670 3884 obeliscus
683 3806 861 3885 quibusdam
876 3807 998 3886 additis,
1018 3808 1098 3868 in'ter
1111 3822 1220 3867 versus
1233 3807 1284 3867 ad-
1377 3792 1381 3801 ’

217 3909 421 3986 fingerentur.
444 3910 536 3979 Hisce
551 3915 649 3975 antem
663 3911 744 3973 notis
757 3911 847 3986 plane
861 3910 970 3973 deletis
983 3915 1049 3987 act,v
1058 3908 1089 3969 ιι
1104 3908 1186 3984 quoi
1200 3909 1284 3969 facil-

217 4009 365 4075 limatiori
378 4013 488 4099 satuit,
507 4011 569 4077 alio
579 4012 702 4087 aenas,
720 4012 752 4072 hi
772 4028 880 4073 versus
894 4012 961 4073 loco
975 4029 1029 4072 suo
1044 4011 1171 4087 pristino
1186 4012 1285 4089 amoti,

218 4111 298 4177 hasa
321 4129 390 4173 raro
412 4113 596 4193 ineptissima
620 4134 638 4179 ι
661 4115 880 4192 posterioribus
901 4114 1058 4175 ‹liorthotis
1081 4112 1184 4175 inserti
1206 4119 1285 4175 sont.
