3125 4825
823 324 862 386 22

370 506 557 572 deeset.
665 545 687 566 ψ,
768 529 771 536 >
879 555 882 562 ,
1063 553 1064 558 ,

509 604 635 686 ἐσθλήν·
652 608 726 690 ldyoa
739 602 806 690 yde,
823 607 877 670 καὶ
888 603 1068 688 rdddopop'
1086 609 1113 671 εἰ
1126 607 1208 689 eope
1249 627 1263 654 '¹

259 787 262 791 ι
309 733 311 738 ·
399 753 401 758 <
509 707 576 769 κατ’
594 704 690 789 ὀρθὸν
706 705 873 785 ἐξελθόντα,
889 705 979 772 πάντ’
996 702 1034 772 dv
1049 706 1191 792 εὐτυχεῖν.
1312 749 1333 780 „2

369 816 553 891 interpretes
567 813 598 880 iu
609 807 833 888 uoeeddooooa
847 816 1110 893 explioandamlre
1125 819 1203 880 inter
1216 836 1250 881 so
1264 819 1373 882 disere·

305 920 387 994 pant.
426 915 594 976 =Sohneider
612 916 954 988 lnadnetatiouehuno
973 921 1073 982 looum
1086 921 1128 982 ita
1142 920 1284 1002 illustret:
1307 921 1373 982 diso

307 1020 384 1078 enim
400 1019 492 1079 etiem
502 1018 622 1098 malum
635 1021 757 1098 pestem,
772 1013 819 1095 (ad
834 1012 972 1100 ddopop')
984 1009 1010 1084 oi
1023 1023 1100 1084 bene
1115 1028 1238 1102 evertet,
1249 1025 1293 1100 isi
1302 1023 1374 1100 quid

305 1119 377 1180 boni
396 1137 430 1180 eo
451 1119 591 1198 eflicitur,
611 1115 724 1181 seilicet
738 1126 773 1181 ut
787 1122 826 1200 is,
847 1124 899 1199 qui
912 1123 1018 1184 Laium
1033 1124 1194 1203 interfecit,
1210 1125 1373 1202 depreden-

306 1221 394 1284 datur
408 1222 623 1300 puniaturque)
642 1223 727 1284 nobis
742 1241 875 1285 summae
889 1224 954 1287 fore
969 1227 1085 1290 saluti-¹
1098 1226 1182 1301 Quae
1196 1246 1234 1287 ne
1248 1227 1374 1289 ridicule

306 1325 344 1384 sit
360 1323 517 1400 explicatio
533 1324 723 1386 vehementer
737 1325 839 1404 time03
855 1326 992 1402 equidem
1007 1332 1080 1405 puto
1090 1327 1301 1389 Schneiderum
1310 1329 1372 1389 fru-

307 1430 369 1485 stra
384 1442 505 1503 operam
518 1424 644 1504 dedisse,
659 1430 695 1487 ut
707 1427 849 1488 virtutem
864 1427 944 1490 illem
960 1428 1171 1508 Christianam,
1184 1431 1374 1510 „patientiam

306 1528 336 1587 in
351 1525 439 1587 Deo“
453 1526 539 1588 dietis
555 1526 728 1604 Sophooleis
744 1528 920 1607 illustraret,
937 1543 1007 1592 nam
1019 1530 1072 1594 illa
1087 1532 1373 1608 sententlapoorsus

306 1630 343 1690 ab
357 1629 415 1688 hoo
434 1628 500 1688 loeo
520 1631 549 1688 et
568 1647 586 1688 a
604 1628 752 1705 Sophoole
770 1630 889 1690 omnino
913 1630 1012 1692 aliena
1035 1635 1087 1692 est.
1119 1633 1374 1699 ¹Schneidewinus

306 1731 385 1792 huno
404 1730 502 1790 looum
522 1730 565 1789 sio
583 1731 810 1807 interpretetur:
830 1732 896 1793 dieo
916 1733 1005 1811 enim,
1026 1734 1052 1793 oi
1066 1735 1154 1796 otiam
1169 1734 1303 1796 dislioili'a
1316 1737 1373 1813 (in-

305 1831 473 1894 terseotoris
487 1831 693 1910 investigatio)
709 1834 766 1894 rite
780 1832 987 1912 perficiantur,
1006 1839 1070 1895 tum
1082 1837 1145 1906 ¹hoo
1160 1835 1373 1913 Apollinisue·

306 1952 449 2012 sponsum
464 1934 584 1996 omnino
601 1929 721 2012 (πάντα)
734 1933 868 1998 faustum
878 1934 950 1996 iore.
966 1936 1238 2018 'Nauokiusuooem
1249 1933 1372 2016 diupop‘

307 2055 367 2097 non
382 2035 420 2096 ad
435 2035 636 2097 interfectoris
651 2036 911 2113 investigationem
926 2037 1125 2124 referendam,
1141 2039 1195 2099 sod
1210 2041 1375 2114 summatim

274 2131 277 2138 ’
307 2137 449 2198 derebus
464 2137 599 2200 adversis
614 2139 645 2198 in
660 2139 794 2204 lomnes
808 2139 1010 2202 inuidentibus
1018 2146 1267 2217 usmpatemesse
1277 2142 1376 2203 exiet'·

307 2243 379 2300 mat:
398 2239 447 2300 ioh
467 2239 574 2317 meino,
594 2238 670 2304 auoh
691 2240 744 2302 des
759 2241 874 2302 sohwer
888 2241 1025 2304 lestonde
1039 2241 1180 2319 Ungloek
1194 2243 1287 2320 pflegt
1302 2244 1375 2306 alles

308 2340 371 2400 sioh
386 2359 454 2400 num
464 2339 561 2401 Glflolr
576 2359 613 2401 nu
628 2340 762 2420 wenden‚
777 2359 864 2404 wenu
881 2357 915 2404 es
928 2343 958 2404 in
973 2343 1092 2409 rechten
1101 2344 1202 2408 Welse
1215 2362 1283 2404 num
1296 2343 1376 2404 Ziele

307 2444 442 2522 gelengt,
458 2442 522 2502 uh.
538 2462 625 2502 wenn
641 2462 707 2504 man
724 2461 755 2503 es
770 2442 855 2503 recht
869 2443 993 2504 anfasst.
1014 2444 1184 2511 ,seutaleu
1199 2447 1375 2509 nauseam

307 2545 363 2604 hoo
377 2545 443 2605 looo
460 2546 584 2606 otiosam
594 2561 665 2609 ‚esse
681 2550 712 2607 et
724 2564 745 2609 a
757 2546 964 2627 naturahuins
974 2545 1099 2606 diverbii
1113 2546 1203 2625 plane
1215 2547 1375 2608 abhorrere

307 2647 451 2707 existimo.
470 2645 570 2723 Atque
584 2646 678 2725 magis
692 2644 866 2707 Doedealini
881 2647 1040 2724 explicatio
1048 2646 1206 2711 satisfacit:
1221 2650 1268 2708 aio
1278 2650 1375 2709 omnia

306 2749 382 2810 bene
396 2767 430 2810 se
444 2749 582 2811 habitura
597 2765 672 2827 esse,
687 2749 713 2808 si
728 2746 864 2829 diffieilia
876 2748 1050 2825 quoquead
1063 2749 1373 2827 bonumexltumper·

307 2850 452 2912 venerint.
496 2848 635 2911 Sanaoile
654 2867 720 2910 esse
738 2849 860 2928 melum,
883 2848 921 2911 de
938 2867 998 2926 quo
1015 2851 1247 2930 oonsultauotut,
1266 2851 1374 2929 Apollo

306 2950 502 3029 responderat
526 2955 555 3011 et
578 2950 738 3011 remedium
758 2950 1042 3021 commendaverat.
1066 2952 1220 3019 Haoteuus
1243 2952 1374 3021 faustum

307 3054 471 3131 oraculum,
490 3052 532 3113 ad·
543 3051 620 3111 idem
635 3053 807 3130 reticuerat,
832 3052 883 3111 ubi
903 3052 978 3121 illud
992 3052 1153 3123 remedium
1170 3059 1273 3130 posset
1289 3073 1373 3132 aepo-

306 3154 366 3217 riri.
410 3155 446 3214 Idi
466 3171 585 3231 quoque
604 3154 689 3231 parti·
703 3154 993 3219 ouaoulimolestioni
1012 3155 1038 3215 sl
1056 3154 1258 3235 satisfaceret„
1277 3158 1375 3220 omnia

306 3257 406 3318 fausta
424 3254 635 3331 forespondet
655 3253 778 3319 Creon.“
821 3255 882 3315 Alii
905 3256 1034 3317 editores
1052 3256 1140 3319 aliter
1159 3275 1193 3319 ee
1214 3262 1374 3337 torserunt,

307 3358 359 3419 sed
374 3358 475 3419 nullus
490 3374 592 3421 eorum
608 3375 709 3427 omues
725 3358 847 3419 sustulit
860 3357 1062 3421 difficultates.
1095 3359 1217 3419 Rectam
1232 3378 1304 3421 vero
1319 3361 1373 3423 hu·

305 3460 352 3520 lus
367 3459 429 3520 looi’
441 3459 609 3536 explicandi
627 3459 677 3521 vel
696 3460 797 3535 potius
813 3458 989 3520 emendandi
1003 3460 1081 3529 uiam
1096 3479 1115 3519 a
1128 3460 1283 3531 Wundero
1297 3461 1372 3527 moi-

306 3561 368 3621 oeri
383 3578 489 3623 oenseo
505 3561 679 3623 adnotante:
697 3552 734 3620 soi
749 3555 896 3639 δύσφορα,
919 3563 982 3627 soil
998 3552 1018 3623 ὁὶ
1034 3560 1132 3641 ἔλεγεν
1147 3555 1163 3621 ὁ
1178 3557 1258 3634 θεός.
1268 3563 1315 3632 vad
1329 3563 1372 3624 in-

305 3663 532 3740 vestigationem
556 3667 585 3723 61
609 3663 845 3742 exturbationem
873 3663 1073 3737 interfectoris
1095 3665 1162 3725 Laii
1185 3663 1373 3731 referendum

306 3768 358 3824 est.
387 3764 474 3824 Hane
487 3764 567 3824 mam
581 3763 739 3831 indioetam
754 3765 974 3827 Heimsoethius
989 3765 1085 3843 (sonu
1095 3767 1159 3829 orit.
1175 3768 1198 3846 Ι,
1212 3785 1241 3843 p.
1250 3765 1313 3843 43.)
1328 3768 1371 3827 iu·

305 3883 427 3944 gressus
443 3871 489 3926 est
507 3865 632 3935 verbum
652 3857 788 3945 δύσφορα
803 3872 1060 3945 communesne
1080 3868 1290 3940 mnesteus„
1309 3868 1372 3946 Ille,

305 3966 464 4028 verborum
479 3966 582 4027 soholii
596 3954 612 4024 d
628 3963 661 4027 δὲ
675 3968 760 4038 νοῦς·
777 3965 851 4048 λέγω
866 3963 922 4048 γάρ
937 3960 1033 4028 πάντα
1048 3959 1087 4029 dv
1102 3959 1235 4045 εὐτυχεῖν
1250 3960 1371 4044 adsud-

306 4069 367 4142 λιν,
387 4065 414 4126 εἰ
432 4064 481 4126 καὶ
501 4057 693 4146 τᾶδύσφημα
709 4060 873 4149 61311661αέ
894 4063 998 4153 duddo
1010 4062 1168 4143 ἐξελθόντα
1186 4046 1300 4132 rationo
1319 4071 1370 4131 ha-

304 4168 367 4231 bita
374 4213 382 4251 7
407 4189 473 4230 oum
488 4170 614 4248 intelligi
628 4173 746 4232 minime
760 4173 869 4252 possit,
889 4191 942 4232 our
962 4164 1089 4250 ddopop'
1109 4171 1200 4233 verbo
1221 4165 1371 4250 δύσφημα,

1543 2159 1545 2298 1
