3125 4825
741 310 782 373 23

230 499 279 559 cui
293 500 375 560 notio
389 499 479 576 plane
493 495 613 559 diversa
626 498 761 559 subiecta
775 500 835 576 sit,a
842 499 1020 576 explicetur,
1034 517 1090 578 pro
1107 495 1233 575 ὀύσφορ’
1252 521 1297 562 re

229 600 411 664 stituendnm
427 616 493 660 esse
512 592 641 674 δύσθρά
661 600 846 686 confidenter
865 600 944 660 dicit
977 602 1195 662 Documentum
1209 604 1299 665 huius

229 703 272 763 rci
288 702 367 780 capit
381 721 419 763 ex
433 700 540 761 Aesch.
555 702 638 762 Pons.
658 700 742 779 941„
761 702 813 763 ubi
833 693 983 778 δύσθροον
998 703 1068 763 item
1082 722 1137 780 per
1150 703 1299 780 glossema

230 797 385 880 δύσφημον
401 804 578 865 illustratur.
619 804 697 882 ligo,
716 804 791 880 quin
810 804 860 863 ille
878 821 983 863 verum
1002 805 1090 864 huius
1105 804 1163 866 loci
1178 823 1298 867 sensum

229 906 286 966 hac
301 907 471 967 coniectura
485 906 629 984 tetigerit,
649 906 750 966 nullus
766 906 878 968 dubito.
907 905 949 967 At
963 906 1100 982 equidem
1114 908 1213 970 malim
1230 900 1297 968 δάν·

230 1002 302 1084 φάτ’
322 1025 381 1099 pro·
397 1002 526 1085 dc‘eooc'
549 1009 703 1068 coniicere.
750 1009 953 1086 compositum
978 1008 1097 1085 quidem
1119 1010 1297 1071 adjectivum

27 1187 29 1204 ‚
155 1149 159 1154 ·
230 1103 377 1183 dcccdcc-
392 1127 466 1172 ssue
475 1129 535 1171 nou
545 1111 626 1187 apud
635 1109 811 1187 Sophoclem
820 1115 926 1188 exstat7
935 1116 966 1171 at
981 1112 1200 1172 substantivum
1210 1104 1298 1185 φάτις

229 1213 348 1289 “opius
362 1213 393 1272 lu
408 1213 465 1272 hac
479 1213 546 1289 ipsa
560 1211 663 1272 fabula
677 1212 727 1289 (ci.
743 1231 770 1270 v.
788 1211 862 1290 151,
877 1211 953 1291 310,
968 1211 1040 1291 328,
1057 1211 1160 1289 1440.)
1180 1214 1216 1273 de
1232 1233 1296 1274 ors·

229 1314 289 1374 culi
303 1327 448 1391 responso
463 1318 494 1374 ct
508 1314 546 1375 de
559 1314 701 1375 vaticinio
715 1319 888 1391 usurpatur.
917 1315 986 1374 Huc
1000 1314 1089 1392 adde,
1110 1315 1191 1389 qnod
1210 1317 1297 1376 etism

228 1434 256 1474 v.
272 1414 321 1478 86.
340 1415 405 1477 cod.
425 1416 502 1494 Aug„
520 1417 555 1476 B.
574 1412 674 1492 φέρων
693 1408 784 1489 φάτιν
807 1435 862 1493 pro
882 1417 1006 1492 vulgata
1025 1417 1174 1493 scriptura
1194 1412 1297 1494 φήμην

228 1513 327 1593 φέρων
343 1519 474 1597 exhibet,
489 1536 578 1595 qnam
593 1537 660 1579 oum
673 1519 877 1579 Heimsoethio
892 1518 1089 1594 Nauekioque
1104 1519 1196 1580 multo
1211 1537 1296 1597 prse-

228 1620 401 1681 stantiorem
415 1625 445 1682 ut
457 1621 618 1697 genuinam
632 1638 701 1680 csse
715 1619 822 1682 iudico.
858 1619 926 1694 Qua
943 1620 974 1680 in
990 1620 1148 1680 verbonum
1164 1620 1297 1682 ordinem

227 1725 361 1799 recepta,
390 1722 439 1781 hio
461 1722 546 1781 locus
569 1722 778 1783 vexatissimus
802 1721 1001 1798 pulcherrime
1024 1721 1095 1782 mihi
1118 1721 1297 1799 explanatus

227 1823 440 1901 essevidcsur,
455 1817 523 1883 cum
539 1823 637 1883 omnia
651 1824 694 1884 ita
708 1823 785 1883 bene
801 1823 879 1884 iuter
894 1840 927 1883 se
942 1823 1154 1899 respondeant:

259 1955 262 1964 ’
322 1924 407 1986 0011.
430 1919 487 1984 τίν’
508 1916 581 2000 ἡμῖν
596 1917 679 1999 ἥκεις
693 1924 747 1984 τοῦ
762 1925 837 1983 θεοῦ
853 1922 951 2001 φέρων
966 1918 1074 2000 φάτιν;

356 2026 403 2088 Or.
428 2020 557 2101 ἐσθλήν,
570 2024 644 2105 λέγω
657 2017 724 2104 γάρ,
741 2023 792 2085 τινὶ
808 2016 843 2085 τά
859 2020 987 2100 ddotpse’
1004 2018 1126 2101 εἰτύχοι

432 2123 497 2186 κατ’
514 2121 612 2203 ὀρθάν
627 2120 797 2201 istodoro,
813 2119 903 2188 πάντ’
919 2115 959 2185 άν
974 2121 1117 2203 εὐτυχεῖν.

290 2232 373 2291 Haeo
387 2228 480 2289 verbs
495 2230 538 2290 sie
552 2231 744 2307 interpretor:
769 2228 884 2306 Oedipo
899 2230 1067 2307 quaerenti,
1088 2229 1168 2306 quod
1183 2231 1296 2289 oraculi

227 2332 321 2392 divini
335 2347 511 2408 responsum
527 2326 637 2410 (φάτιν)
654 2332 772 2410 afferat,
793 2331 890 2391 Oneon
905 2330 1079 2407 respondet:
1098 2330 1226 2391 faustam
1241 2328 1294 2407 (ἕσ-

226 2428 328 2512 catut
344 2434 407 2494 soil.
422 2435 577 2494 maximam
590 2434 711 2510 quidem
726 2439 849 2511 panem.
867 2435 934 2493 Jsm
949 2451 1021 2494 vero
1037 2433 1126 2510 addit
1142 2433 1208 2493 dico
1217 2435 1295 2493 onim

227 2533 304 2612 foro,
327 2537 361 2595 ut
379 2536 477 2596 omnia
495 2535 572 2597 bene
596 2539 727 2614 vertam,
748 2535 906 2596 dummodo
925 2533 1058 2597 infauste
1072 2536 1209 2611 responsi
1224 2552 1295 2610 pars

226 2628 273 2711 (ed
286 2630 432 2712 ὄάνφανν)
450 2656 559 2716 nempe
577 2629 610 2695 td
625 2637 737 2713 μίασμα
751 2634 849 2715 χώρας
865 2632 1000 2695 ἐλαύνειν
1017 2638 1059 2712 (v.
1076 2635 1138 2711 97.)
1156 2636 1213 2696 rite
1227 2654 1294 2713 per-

224 2738 350 2800 ficiatur·
389 2738 476 2800 Sicut
490 2740 614 2801 verbum
629 2733 717 2814 φάτις
730 2741 905 2817 saepissime
920 2757 975 2815 per
988 2739 1138 2815 glossema
1155 2731 1241 2814 φήμη
1259 2738 1294 2797 il·

225 2840 377 2918 lustnatun,
392 2841 434 2901 ita
447 2841 504 2901 hoc
519 2841 585 2901 loco
600 2841 748 2918 glossema
760 2837 902 2917 δύσφημα
913 2840 1005 2900 uerbo
1016 2834 1151 2913 δύσφατν
1161 2839 1293 2915 adscrip-

225 2946 287 3003 tum
305 2945 382 3019 scats
403 2942 487 3018 'qaod
505 2946 611 3019 postea
629 2942 817 3005 librariorum
836 2942 952 3001 incuria
970 2942 1001 3001 in
1022 2934 1149 3016 ‹lu'ousou⁷
1172 2958 1293 3017 corrup-

223 3049 286 3105 tum
301 3048 355 3104 est.

287 3144 359 3206 Oed.
374 3146 408 3204 R.
424 3142 612 3207 tls—218.

426 3243 529 3315 αἰνεῖς·
542 3236 564 3304 ά
579 3242 607 3303 d’
625 3244 714 3316 αἰτεῖς
730 3238 798 3320 τᾶμ’
816 3237 868 3302 ἐάν
883 3240 976 3322 θέλης
991 3240 1048 3317 ἔφη

426 3342 526 3406 κλάων
543 3344 679 3420 δέχεσθαι
695 3351 732 3423 τῇ
743 3340 825 3426 ,νόσῳ
841 3340 876 3402 θ’
893 3336 1060 3417 desponsio„

424 3442 521 3524 άάιιὴν
532 3441 637 3526 ,λάβοις
653 3440 690 3505 άν
706 3440 930 3519 κάνακοάφισιν
941 3444 1057 3505 κακῶν.

285 3551 326 3612 Hi
344 3568 449 3612 ve1sns
470 3552 529 3611 ism
545 3569 566 3609 a
582 3550 684 3610 multis
701 3550 811 3609 criticis
827 3550 908 3611 varie
923 3548 1023 3606 vexati
1038 3551 1117 3606 suut
1161 3545 1294 3620 Quorum

223 3651 351 3715 rodanus
370 3652 421 3730 (cf.
440 3652 518 3713 Berl.
537 3651 645 3727 Gymn.
664 3650 805 3713 scissum
825 3649 907 3726 XXI,
926 3667 955 3724 p.
977 3646 1061 3723 221.)
1084 3647 1242 3724 profitetur
1262 3667 1294 3707 se

222 3752 323 3814 verbis
340 3773 369 3814 r.
389 3753 461 3816 217.
481 3754 517 3833 τῇ
532 3747 610 3834 νόσφ
626 3748 662 3808 θ’
680 3742 836 3826 ὑπηρετεῖν
855 3750 1045 3810 vehementer
1064 3748 1175 3808 offendi
1190 3755 1292 3826 negat·

222 3872 282 3930 que
296 3855 367 3915 huic
381 3855 533 3935 locutioni,
544 3858 582 3917 -ut
596 3853 687 3932 vulgo
698 3852 740 3931 fit,
755 3853 814 3912 vim
824 3850 1025 3928 succurrendi,
1040 3848 1177 3910 medendi
1192 3850 1293 3911 morbo

221 3956 329 4017 subiici
343 3973 445 4037 posse,
462 3975 539 4034 quae
554 3976 572 4018 a
588 3958 708 4018 notione
723 3954 808 4016 verbi
825 3945 981 4029 ὑπηρετεῖν
995 3969 1120 4029 prorsus
1136 3952 1295 4013 abhorreat

222 4057 375 4135 nullisque
385 4058 489 4120 <funin
504 4059 600 4137 possit
609 4057 760 4134 exemplis.
780 4056 954 4116 Rectissime
969 4054 1020 4113 ille
1029 4052 1101 4114 dicit
1114 4053 1294 4113 locutionem

223 4160 258 4243 τη
278 4158 359 4243 occec
379 4151 538 4237 άττηρννιῐν
557 4179 617 4225 uon
637 4159 718 4221 aliud
730 4158 899 4237 quidquam
917 4154 1087 4235 siguificare
1110 4171 1212 4234 posse,
1237 4154 1294 4213 nisi
